@standard{UNE-EN-62304,
  author    = "{Asociación Española de Normalización (UNE)}",
  title     = "{UNE-EN 62304:2007/A1:2016 - Software para dispositivos médicos - Procesos del ciclo de vida del software}",
  year      = {2016},
  publisher = "Asociación Española de Normalización (UNE)",
  address   = "Madrid, España",
  note      = "Norma basada en IEC 62304:2006 con modificaciones específicas para el mercado español",
  url       = "https://www.une.org"
}

@manual{brainbit,
  title        = {BrainBit Datasheet},
  author       = {{Neurotechnology Systems LLC}},
  year         = {2024},
  url          = {https://brainbit.com/media/1053/brainbit-specification.pdf},
  note         = {Accessed: 2025-02-18}
}

@manual{raspberrypi4,
  title        = {Raspberry Pi 4 Model B Datasheet},
  author       = {{Raspberry Pi Foundation}},
  year         = {2020},
  url          = {https://datasheets.raspberrypi.com/rpi4/raspberry-pi-4-datasheet.pdf},
  note         = {Accessed: 2025-02-18}
}

@book{Siewert_Pratt_2016, 
    title={Real-time embedded components and systems using Linux and RTOS},
    ISBN={1-68392-310-3}, publisher={Mercury Learning and Information},
    author={Siewert, Sam and Pratt, John}, 
    year={2016}, 
    keywords={Embedded computer systems}, 
    language={eng} 
}
